<?xml version="1.0" encoding="UTF-8"?><collection xmlns="http://www.loc.gov/MARC21/slim"><record><leader>00399nam--2200133-i-4500</leader><controlfield tag="001">000048492</controlfield><controlfield tag="002">20161230</controlfield><controlfield tag="005">20161230201047</controlfield><controlfield tag="008">060222s1000------------r-----000-0-eng-d</controlfield><datafield ind1=" " ind2=" " tag="080"><subfield code="a">61:658.3.041</subfield></datafield><datafield ind1=" " ind2=" " tag="100"><subfield code="a">Rabemananjara-rafarasoa, Bodovola</subfield></datafield><datafield ind1=" " ind2=" " tag="245"><subfield code="a">Problelme de postes de travail en medicine du travail. ``perspectives ergonomiques``</subfield></datafield><datafield ind1=" " ind2=" " tag="260"><subfield code="a">Reims, Univ.De Reims, 1972, 45p</subfield></datafield><datafield ind1=" " ind2=" " tag="852"><subfield code="a">38988</subfield></datafield></record></collection>